<?xml version="1.0" encoding="UTF-8"?><collection xmlns="http://www.loc.gov/MARC21/slim"><record><leader>00562nam--2200193-u-4500</leader><controlfield tag="001">000053493</controlfield><controlfield tag="002">20161230</controlfield><controlfield tag="005">20170116005435</controlfield><controlfield tag="008">110408s1000------------r-----000-0-rum-d</controlfield><datafield ind1=" " ind2=" " tag="040"><subfield code="a">IFIN-HH</subfield></datafield><datafield ind1=" " ind2=" " tag="041"><subfield code="a">rum</subfield></datafield><datafield ind1=" " ind2=" " tag="080"><subfield code="a">550.3</subfield></datafield><datafield ind1="1" ind2=" " tag="100"><subfield code="a">Bala, Andrei</subfield></datafield><datafield ind1="1" ind2="0" tag="245"><subfield code="a">Contributii la cunoasterea dinamicii litosferei. Aplicatii in unele zone din Romania</subfield><subfield code="b">Rezumatul tezei</subfield><subfield code="c">Andrei bala</subfield></datafield><datafield ind1=" " ind2=" " tag="260"><subfield code="a">Bucuresti</subfield><subfield code="b">Ifa</subfield><subfield code="c">2000</subfield></datafield><datafield ind1=" " ind2=" " tag="300"><subfield code="a">52 p</subfield></datafield><datafield ind1=" " ind2=" " tag="502"><subfield code="a">Conducator Stiintific: Dr.Doc. Dumitru Enescu</subfield></datafield><datafield ind1=" " ind2=" " tag="852"><subfield code="a">81199</subfield><subfield code="c">550.3</subfield></datafield><datafield ind1=" " ind2=" " tag="CAT"><subfield code="a">SYS</subfield><subfield code="c">20170116</subfield><subfield code="h">005435</subfield></datafield></record></collection>